@Misc{SPSA,
  author =    {Wikipedia},
  title =     {Sistemas de Posicionamiento por Satélites actuales},
  month =     {Octubre},
  year =      {2014},
  howpublished = {\url{https://es.wikipedia.org/wiki/Sistema\_global\_de\_navegaci\%C3\%B3n\_por\_sat\%C3\%A9lite}},
}
@article{Valcarcel12,
  title={Las principales cifras de la Siniestralidad Vial},
  author={Valcárcel, Josefa},
  year={2012},
  publisher={Dirección General de Tráfico},
}
%http://www.dgt.es/Galerias/seguridad-vial/estadisticas-e-indicadores/publicaciones/principales-cifras-siniestralidad/cifras_siniestralidad_2012.pdf

@article{RACC03,
  title={Incidencia del uso del teléfono móvil y los aparatos telemáticos en la atención del conductor},
  author={Universidad de Florida Circuit de Catalunya},
  year={2003},
  publisher={Real Automóvil Club de Catalunya},
}
%http://imagenes.w3.racc.es/uploads/file/5505_Informe_RACC_sobre_las_distracciones_al_volante_2003.pdf

@article{Allianz14,
  title={Seguridad vial y distracciones del conductor},
  author={Allianz Risk Pulse},
  year={2014},
  publisher={Allianz SE},
}
%https://www.allianz.es/drvg07sf/AZS_Site_Allianz/Home/prensa/Temas-de-Interes/Prevenci%C3%B3n%20y%20Gesti%C3%B3n%20de%20Riesgos/Ficheros%20Prevenci%C3%B3n/Allianz%20Risk%20%20Pulse-%20Distracciones%20al%20volante-.pdf

@article{Serrano14,
  title={Las distracciones más frecuentes al volante},
  author={Jorge Serrano},
  year={2014},
  publisher={Motor Press Ibérica},
}
%http://www.autopista.es/reportajes/articulo/distracciones-frecuentes-volante-accidentes-96524

@article{Boemo12,
  title={Desarrollo de Sistema de guiado GPS para invidentes sobre un teléfono inteligente},
  author={Eduardo Boemo},
  year={2012},
  publisher={FUAM},
}
%http://fuam.es/entrevista-a-eduardo-boemo-ganador-de-las-ayudas-2012-de-la-fundacion-vodafone-y-la-fuam-para-proyectos-de-investigacion/

@article{Merino13,
  title={Desarrollo en iOS de aplicaciones de guiado GPS para discapacitados visuales},
  author={Tomás Merino Mateo},
  year={2013},
  publisher={Universidad Autónoma de Madrid},
}
%http://arantxa.ii.uam.es/~jms/pfcsteleco/lecturas/20130311TomasMerinoMateo.pdf

@Misc{Lechal,
  author =    {Engadget},
  title =     {Estas zapatillas inteligentes marcarán la ruta de tus carreras con vibraciones},
  month =     {Julio},
  year =      {2014},
  howpublished = {\url{http://es.engadget.com/2014/07/24/lechal-zapatillas-inteligentes/}},
}
%http://es.engadget.com/2014/07/24/lechal-zapatillas-inteligentes/
%%http://mundomonocromo.com/2014/03/20/zapatos-tecnologia-guiado-invidentes/
%%http://lechal.com/shoe-features.html

@book{Moreno13,
  title={Desarrollo de aplicaciones Android seguras},
  author={Moreno Álvarez},
  year={2013},
  publisher={0xWORD}  
}
%http://0xword.com/es/libros/35-libro-desarrollo-aplicaciones-android.html

@book{Poole09,
  title={Do It Yourself Agile},
  author={Poole, Damon B.},
  year={2009},
  publisher={}
}
%http://www.accurev.com/whitepaper/pdf/Do-It-Yourself-Agile.pdf

@article{Lamport86,
  title={LaTEX: User's Guide \& Reference Manual},
  author={Lamport, Leslie},
  year={1986},
  publisher={Addison-Wesley}
}
@book{Hinojosa14,
  title={Aprende Git: ... y, de camino, GitHub},
  author={Hinojosa, P. and Merelo, J.J.},
  year={2014},
  publisher={}
}
@Misc{Mercado,
  author =    {Europapress},
  title =     {Android copa 85\% de cuota de mercado en smartphones},
  month =     {Julio},
  year =      {2014},
  howpublished = {\url{http://www.europapress.es/portaltic/sector/noticia-android-copa-85-cuota-mercado-smartphones-20140731174435.html}},
}
