@Misc{SPSA,
  author =    {Wikipedia},
  title =     {Sistemas de Posicionamiento por Satélites actuales},
  month =     {Octubre},
  year =      {2014},
  howpublished = {\url{https://es.wikipedia.org/wiki/Sistema\_global\_de\_navegaci\%C3\%B3n\_por\_sat\%C3\%A9lite}},
}
@article{Valcarcel12,
  title={Las principales cifras de la Siniestralidad Vial},
  author={Valcárcel, Josefa},
  year={2012},
  publisher={Dirección General de Tráfico},
}
%http://www.dgt.es/Galerias/seguridad-vial/estadisticas-e-indicadores/publicaciones/principales-cifras-siniestralidad/cifras_siniestralidad_2012.pdf

@book{Moreno13,
  title={Desarrollo de aplicaciones Android seguras},
  author={Moreno Álvarez},
  year={2013},
  publisher={0xWORD}  
}
%http://0xword.com/es/libros/35-libro-desarrollo-aplicaciones-android.html

@book{Poole09,
  title={Do It Yourself Agile},
  author={Poole, Damon B.},
  year={2009},
  publisher={}
}
%http://www.accurev.com/whitepaper/pdf/Do-It-Yourself-Agile.pdf

@article{Lamport86,
  title={LaTEX: User's Guide \& Reference Manual},
  author={Lamport, Leslie},
  year={1986},
  publisher={Addison-Wesley}
}
@book{Hinojosa14,
  title={Aprende Git: ... y, de camino, GitHub},
  author={Hinojosa, P. and Merelo, J.J.},
  year={2014},
  publisher={}
}
@Misc{Mercado,
  author =    {Europapress},
  title =     {Android copa 85\% de cuota de mercado en smartphones},
  month =     {Julio},
  year =      {2014},
  howpublished = {\url{http://www.europapress.es/portaltic/sector/noticia-android-copa-85-cuota-mercado-smartphones-20140731174435.html}},
}
