@Misc{SPSA,
  author =    {Wikipedia},
  title =     {Sistemas de Posicionamiento por Satélites actuales},
  month =     {Diciembre},
  year =      {2014},
  howpublished = {\url{https://es.wikipedia.org/wiki/Sistema\_global\_de\_navegaci\%C3\%B3n\_por\_sat\%C3\%A9lite}},
}
@article{Parra13,
  title={¿Cómo era el primer GPS de la historia?},
  author={Sergio Parra},
  year={2013},
  publisher={Diario del Viajero},
}
%http://www.diariodelviajero.com/tecnologia/como-era-el-primer-gps-de-la-historia-acabaremos-con-un-gps-en-los-pies
@article{Arias14,
  title={Avisadores, detectores e inhibidores de radar},
  author={J. Arias Borque},
  year={2014},
  publisher={Libertad Digital},
}%http://www.libertaddigital.com/espana/2014-03-20/avisadores-detectores-e-inhibidores-de-radar-1276513702/
@article{Llamas13,
  title={Android Pushes Past 80\% Market Share While Windows Phone Shipments Leap 156.0\% Year Over Year in the Third Quarter, According to IDC},
  author={Ramon Llamas, Ryan Reith, Michael Shirer},
  year={2013},
  publisher={IDC},
}
%http://www.idc.com/getdoc.jsp?containerId=prUS24442013
@article{Litchfield13,
  title={Support until 2016 confirmed by Nokia's Weber},
  author={Steve Litchfield},
  year={2013},
  publisher={All About Symbian},
}
%http://www.allaboutsymbian.com/flow/item/18335_Support_until_2016_confirmed_b.php
@Misc{SN,
  author =    {Wikipedia},
  title =     {Satellite navigation},
  month =     {Diciembre},
  year =      {2014},
  howpublished = {\url{https://en.wikipedia.org/wiki/Satellite_navigation#History_and_theory}},
}
@article{Valcarcel12,
  title={Las principales cifras de la Siniestralidad Vial},
  author={Valcárcel, Josefa},
  year={2012},
  publisher={Dirección General de Tráfico},
}
%http://www.dgt.es/Galerias/seguridad-vial/estadisticas-e-indicadores/publicaciones/principales-cifras-siniestralidad/cifras_siniestralidad_2012.pdf

@article{RACC03,
  title={Incidencia del uso del teléfono móvil y los aparatos telemáticos en la atención del conductor},
  author={Universidad de Florida Circuit de Catalunya},
  year={2003},
  publisher={Real Automóvil Club de Catalunya},
}
%http://imagenes.w3.racc.es/uploads/file/5505_Informe_RACC_sobre_las_distracciones_al_volante_2003.pdf

@article{Allianz14,
  title={Seguridad vial y distracciones del conductor},
  author={Allianz Risk Pulse},
  year={2014},
  publisher={Allianz SE},
}
%https://www.allianz.es/drvg07sf/AZS_Site_Allianz/Home/prensa/Temas-de-Interes/Prevenci%C3%B3n%20y%20Gesti%C3%B3n%20de%20Riesgos/Ficheros%20Prevenci%C3%B3n/Allianz%20Risk%20%20Pulse-%20Distracciones%20al%20volante-.pdf

@article{Serrano14,
  title={Las distracciones más frecuentes al volante},
  author={Jorge Serrano},
  year={2014},
  publisher={Motor Press Ibérica},
}
%http://www.autopista.es/reportajes/articulo/distracciones-frecuentes-volante-accidentes-96524

@article{Boemo12,
  title={Desarrollo de Sistema de guiado GPS para invidentes sobre un teléfono inteligente},
  author={Eduardo Boemo},
  year={2012},
  publisher={FUAM},
}
%http://fuam.es/entrevista-a-eduardo-boemo-ganador-de-las-ayudas-2012-de-la-fundacion-vodafone-y-la-fuam-para-proyectos-de-investigacion/

@article{Merino13,
  title={Desarrollo en iOS de aplicaciones de guiado GPS para discapacitados visuales},
  author={Tomás Merino Mateo},
  year={2013},
  publisher={Universidad Autónoma de Madrid},
}
%http://arantxa.ii.uam.es/~jms/pfcsteleco/lecturas/20130311TomasMerinoMateo.pdf

@Misc{Lechal,
  author =    {Engadget},
  title =     {Estas zapatillas inteligentes marcarán la ruta de tus carreras con vibraciones},
  month =     {Julio},
  year =      {2014},
  howpublished = {\url{http://es.engadget.com/2014/07/24/lechal-zapatillas-inteligentes/}},
}
%http://es.engadget.com/2014/07/24/lechal-zapatillas-inteligentes/
%%http://mundomonocromo.com/2014/03/20/zapatos-tecnologia-guiado-invidentes/
%%http://lechal.com/shoe-features.html
@Misc{Footlocker15,
  author =    {Footlocker},
  title =     {Nike+ Training},
  month =     {Enero},
  year =      {2015},
  howpublished = {\url{http://www.footlocker.com/promotion/promoId:5003172/}},
}%http://www.footlocker.com/promotion/promoId:5003172/
@book{Moreno13,
  title={Desarrollo de aplicaciones Android seguras},
  author={Moreno Álvarez},
  year={2013},
  publisher={0xWORD}  
}
%http://0xword.com/es/libros/35-libro-desarrollo-aplicaciones-android.html
@book{Hewett92,
  title={SIGCHI Curricula for Human-Computer Interaction},
  author={Thomas T. Hewett, Ronald Baecker},
  year={1992},
  publisher={ACM}  
}
@book{Poole09,
  title={Do It Yourself Agile},
  author={Poole, Damon B.},
  year={2009},
  publisher={}
}
%http://www.accurev.com/whitepaper/pdf/Do-It-Yourself-Agile.pdf
@book{Lothar13,
  title={Pervasive Computing},
  author={Lothar Merk},
  year={2013},
  publisher={Springer}
}
@article{Lamport86,
  title={LaTEX: User's Guide \& Reference Manual},
  author={Lamport, Leslie},
  year={1986},
  publisher={Addison-Wesley}
}
@book{Hinojosa14,
  title={Aprende Git: ... y, de camino, GitHub},
  author={Hinojosa, P. and Merelo, J.J.},
  year={2014},
  publisher={}
}
@book{Sommerville14,
  title={Ingeniería del software},
  author={Ian Sommerville},
  year={2005},
  publisher={Pearson Educacion}
}%http://www.slideshare.net/jasc_584/ingenieriadesoftware-iansommerville7maedicion-9417118
@book{Pressman10,
  title={Ingenieria del Software - Un Enfoque Practico},
  author={Roger S. Pressman},
  year={2010},
  publisher={McGraw-Hill Companies}
}%http://en.bookfi.org/book/1464421
@Misc{Mercado,
  author =    {Europapress},
  title =     {Android copa 85\% de cuota de mercado en smartphones},
  month =     {Julio},
  year =      {2014},
  howpublished = {\url{http://www.europapress.es/portaltic/sector/noticia-android-copa-85-cuota-mercado-smartphones-20140731174435.html}},
}
@Misc{APIAW,
  author =    {Google},
  title = {API Adroid Wear},
  month =     {Diciembre},
  year =      {2014},
  howpublished = {\url{https://developer.android.com/training/wearables/apps/index.html}},
}
@Misc{LicenciaAndroid,
  author =    {Google},
  title = {Licencias de las API de Google},
  month =     {Diciembre},
  year =      {2014},
  howpublished = {\url{https://developers.google.com/maps/licensing}}
}
@Misc{LicenciaMicrosoft,
  author =    {Microsoft},
  title = {Licencias de las API de Microsoft},
  month =     {Diciembre},
  year =      {2014},
  howpublished = {\url{http://www.microsoft.com/maps/Licensing/licensing.aspx}}
}
@Misc{LicenciaHERE,
  author =    {Nokia},
  title = {Licencias de las API de HERE},
  month =     {Diciembre},
  year =      {2014},
  howpublished = {\url{https://developer.here.com/get-started#/10134035}}
}
@Misc{LicenciaOSM,
  author = {Steve Coast},
  title = {Licencia de los mapas de OSM},
  month =     {Diciembre},
  year =      {2014},
  howpublished = {\url{https://en.wikipedia.org/wiki/Open_Database_License}}
}
@Misc{Nominatim,
  author = {Steve Coast},
  title = {Politica de uso de Nominatim},
  month =     {Diciembre},
  year =      {2014},
  howpublished = {\url{http://wiki.openstreetmap.org/wiki/Nominatim_usage_policy}}
}
